@article{nilpotent-holonomy,
  author  = {Fried, David and Goldman, William and Hirsch, Morris},
  year    = {1981},
  month   = {12},
  pages   = {487-523},
  title   = {Affin manifolds with nilpotent holonomy.},
  volume  = {56},
  journal = {Commentarii Mathematici Helvetici},
  doi     = {10.1007/BF02566225}
}